@article{Mahsa,
author = {Dehghan Manshadi, Mahsa and Mousavi, Seyed Milad and Soltani, Madjid and Mosavi, Amir and Kovács, Levente},
year = {2022},
month = {07},
pages = {9484},
title = {Deep Learning for Modeling an Offshore Hybrid Wind–Wave Energy System},
volume = {15},
journal = {Energies},
doi = {10.3390/en15249484}
}

@article{Chen,
author = {Chen, Peng and Hu, Zhiqiang},
year = {2022},
month = {11},
pages = {},
title = {A study on Key Disciplinary Parameters of AI-based Analysis Method for Dynamic Response Prediction of Floating Offshore Wind Turbines},
volume = {145},
journal = {Journal of Offshore Mechanics and Arctic Engineering},
doi = {10.1115/1.4055993}
}

@article{Garcia,
author = {García Márquez, Fausto Pedro and Peinado Gonzalo, Alfredo},
year = {2021},
month = {11},
pages = {},
title = {A Comprehensive Review of Artificial Intelligence and Wind Energy},
volume = {29},
journal = {Archives of Computational Methods in Engineering},
doi = {10.1007/s11831-021-09678-4}
}

@article{Yeter,
author = {Yeter, Baran and Garbatov, Yordan and Soares, C.},
year = {2023},
month = {01},
pages = {26-54},
title = {Review on Artificial Intelligence-aided Life Extension Assessment of Offshore Wind Support Structures},
volume = {21},
journal = {Journal of Marine Science and Application},
doi = {10.1007/s11804-022-00298-3}
}

@article{Mitchell,
author = {Mitchell, Daniel and Blanche, Jamie and Harper, Sam and Lim, T. and Gupta, Ranjeetkumar and Zaki, Osama and Tang, Wenshuo and Robu, Valentin and Watson, Simon and Flynn, D.},
year = {2021},
month = {12},
pages = {},
title = {A Review: Challenges and Opportunities for Artificial Intelligence and Robotics in the Offshore Wind Sector}
}

@article{Viquerat,
author = {Viquerat, J. and Meliga, P. and Larcher, Aurélien and Hachem, Elie},
year = {2022},
month = {11},
pages = {111301},
title = {A review on deep reinforcement learning for fluid mechanics: An update},
volume = {34},
journal = {Physics of Fluids},
doi = {10.1063/5.0128446}
}

@article{Li,
author = {Li, Liang and Gao, Zhen and Yuan, Zhi-Ming},
year = {2019},
month = {07},
pages = {282-293},
title = {On the sensitivity and uncertainty of wave energy conversion with an artificial neural-network-based controller},
volume = {183},
journal = {Ocean Engineering},
doi = {10.1016/j.oceaneng.2019.05.003}
}

@article{Xie,
author = {Xie, Yulin and Zhao, Xizeng and Luo, M.},
year = {2021},
month = {12},
pages = {},
title = {An active-controlled heaving plate breakwater trained by an intelligent framework based on deep reinforcement learning},
volume = {244},
journal = {Ocean Engineering},
doi = {10.1016/j.oceaneng.2021.110357}
}

@article{Li2,
author = {Li, Gong and Shi, Jing},
year = {2010},
month = {07},
pages = {2313-2320},
title = {On comparing three artificial neural networks for wind speed forecasting},
volume = {87},
journal = {Applied Energy},
doi = {10.1016/j.apenergy.2009.12.013}
}

@article{Zheng,
author = {Zheng, Haiyang and Song, Zhe},
year = {2009},
month = {04},
pages = {275 - 293},
title = {Wind Farm Power Prediction: A Data-Mining Approach},
volume = {12},
journal = {Wind Energy},
doi = {10.1002/we.295}
}

@article{Amanatidis,
author = {Amanatidis, Georgios},
year = {2019},
month = {01},
pages = {},
title = {European policies on climate and energy towards 2020, 2030 and 2050}
}

@inbook{Chaurasia,
author = {Chaurasia, Kiran and Kamath, H.},
year = {2022},
month = {01},
pages = {195-207},
title = {Artificial Intelligence and Machine Learning Based: Advances in Demand-Side Response of Renewable Energy-Integrated Smart Grid},
isbn = {978-981-16-2876-4},
doi = {10.1007/978-981-16-2877-1_18}
}

@article{Mmeda,
author = {Mmeda, Hmeda and Aly, Hamed and lettel, Timothy},
year = {2021},
month = {01},
pages = {},
title = {Energy management using multi-criteria decision making and machine learning classification algorithms for intelligent system},
journal = {Electric Power Systems Research}
}

@article{HERNANDEZ,
author = {HERNANDEZ, David and Denis, Yvan},
year = {2022},
month = {01},
pages = {},
title = {Energy Management System Industrialization for Off-Grids Power Systems Based on Data-Driven Machine Learning Models},
journal = {SSRN Electronic Journal},
doi = {10.2139/ssrn.4003926}
}

@article{Manuel,
author = {Diez-Sierra, Javier and del Jesus, Manuel},
year = {2020},
month = {03},
pages = {124789},
title = {Long-term rainfall prediction using atmospheric synoptic patterns in semi-arid climates with statistical and machine learning methods},
journal = {Journal of Hydrology},
doi = {10.1016/j.jhydrol.2020.124789}
}

@article{Gutiérrez,
author = {Gutiérrez, J. and San-Martin, Daniel and Brands, Swen and Manzanas, Rodrigo and Herrera García, Sixto},
year = {2013},
month = {01},
pages = {171-188},
title = {Reassessing Statistical Downscaling Techniques for Their Robust Application under Climate Change Conditions},
volume = {26},
journal = {Journal of Climate},
doi = {10.1175/JCLI-D-11-00687.1}
}

@inbook{Preisendorfer,
author = {Preisendorfer, R},
year = {1988},
month = {01},
pages = {},
title = {Principal Component Analysis in Meteorology and Oceanography},
volume = {17},
journal = {Developments in Atmospheric Science}
}

@article{San-Martin,
author = {San-Martin, Daniel and Manzanas, Rodrigo and Brands, Swen and Herrera García, Sixto and Gutiérrez, J.},
year = {2016},
month = {10},
pages = {203-230},
title = {Reassessing Model Uncertainty for Regional Projections of Precipitation with an Ensemble of Statistical Downscaling Methods},
volume = {30},
journal = {Journal of Climate},
doi = {10.1175/JCLI-D-16-0366.1}
}

@article{Buytaert,
author = {Buytaert, Wouter and Friesen, Jan and Liebe, Jens and Ludwig, Ralf},
year = {2012},
month = {03},
pages = {},
title = {Assessment and Management of Water Resources in Developing, Semi-arid and Arid Regions},
volume = {26},
journal = {Water Resources Management},
doi = {10.1007/s11269-012-9994-3}
}

@article{Nkiaka,
author = {Nkiaka, Elias and Nawaz, Nida and Lovett, Jon},
year = {2016},
month = {06},
pages = {},
title = {Evaluating global reanalysis precipitation datasets with rain gauge measurements in the Sudano-Sahel region: Case study of the Logone catchment, Lake Chad Basin},
volume = {24},
journal = {Meteorological Applications},
doi = {10.1002/met.1600}
}

@article{Hasan,
author = {Hasan, Mohammad and Sharma, Ashish and Johnson, Fiona and Mariethoz, Gregoire and Seed, Alan},
year = {2016},
month = {09},
pages = {},
title = {Merging radar and in situ rainfall measurements: An assessment of different combination algorithms},
volume = {52},
journal = {Water Resources Research},
doi = {10.1002/2015WR018441}
}

@article{Wang,
author = {Wang, Gefei and Zhang, Xiaowen and Zhang, Shiqiang},
year = {2019},
month = {01},
pages = {1-16},
title = {Performance of Three Reanalysis Precipitation Datasets over the Qinling-Daba Mountains, Eastern Fringe of Tibetan Plateau, China},
volume = {2019},
journal = {Advances in Meteorology},
doi = {10.1155/2019/7698171}
}

@article{Kisi,
author = {Kisi, Ozgur and Cigizoglu, H.},
year = {2007},
month = {09},
pages = {211-231},
title = {Comparison of different ANN techniques in river flow prediction},
volume = {24},
journal = {Civil Engineering and Environmental Systems - CIV ENG ENVIRON SYST},
doi = {10.1080/10286600600888565}
}

@article{Orponen,
author = {Orponen, Pekka},
year = {2000},
month = {05},
pages = {},
title = {Computational Complexity Of Neural Networks: A Survey},
volume = {1},
journal = {Nordic Journal of Computing}
}

@article{Lei,
author = {Lei, Ma and Shiyan, Luan and Chuanwen, Jiang and Hongling, Liu and Yan, Zhang},
year = {2009},
month = {05},
pages = {915-920},
title = {A review on the forecasting of wind speed and generated power},
volume = {13},
journal = {Renewable and Sustainable Energy Reviews},
doi = {10.1016/j.rser.2008.02.002}
}

@article{Sfetsos,
author = {Sfetsos, Thanasis},
year = {2000},
month = {09},
pages = {23-35},
title = {A comparison of various forecasting techniques applied to mean hourly wind speed time series},
volume = {21},
journal = {Renewable Energy},
doi = {10.1016/S0960-1481(99)00125-1}
}

@article{Costa,
author = {Costa, Alexandre and Crespo, Antonio and Navarro, J. and Lizcano, Gil and Madsen, Henrik and Feitosa, Everaldo},
year = {2008},
month = {08},
pages = {1725-1744},
title = {A review on the young history of the wind power short-term prediction},
volume = {12},
journal = {Renewable and Sustainable Energy Reviews},
doi = {10.1016/j.rser.2007.01.015}
}

@article{Tseng,
author = {Tseng, Chun and Jan, Chyan-Deng and Wang, J.S. and Wang, C.M.},
year = {2007},
month = {08},
pages = {1757-1768},
title = {Application of artificial neural networks in typhoon surge forecasting},
volume = {34},
journal = {Ocean Engineering},
doi = {10.1016/j.oceaneng.2006.09.005}
}

@article{Daga,
author = {Daga, Mansi and Deo, M.},
year = {2009},
month = {05},
pages = {293-310},
title = {Alternative data-driven methods to estimate wind from waves by inverse modeling},
volume = {49},
journal = {Natural Hazards},
doi = {10.1007/s11069-008-9299-2}
}

@article{He,
author = {He, Jun},
year = {2020},
month = {02},
pages = {106930},
title = {Coherence and cross-spectral density matrix analysis of random wind and wave in deep water},
volume = {197},
journal = {Ocean Engineering},
doi = {10.1016/j.oceaneng.2020.106930}
}